
@INPROCEEDINGS{LSS06a,
  AUTHOR =       {T.S. Lee and K.E. Schubert and R.W. Schulte},
  TITLE =        {{Gradient Non-Linearity Correction of MR Images for Functional Radiosurgery}},
  BOOKTITLE =    {ICIS-COMSAR '06: Proceedings of the 5th IEEE/ACIS International Conference on Computer and Information Science and 1st IEEE/ACIS International Workshop on Component-Based Software Engineering,Software Architecture and Reuse},
  YEAR =         {2006},
  pages =        {338 - 344},
  month =        {July 10-12},
  address =      {Honolulu, Hawaii, USA},
  isbn =         {0-7695-2613-6},
  doi =          {http://dx.doi.org/10.1109/ICIS-COMSAR.2006.43},
  publisher =    {IEEE Computer Society},
}
@INPROCEEDINGS{LSS06b,
  AUTHOR =       {T.S. Lee and K.E. Schubert and R.W. Schulte},
  TITLE =        {{Software Development For Correction Of Gradient-Nonlinearity Distortions In MR Images}},
  BOOKTITLE =    {Proceedings of the International Conference on Computer Science and its Applications},
  YEAR =         {2006},
  editor =       {P.P. Dey and M.N. Amin and T.M. Gatton},
  pages =        {338 - 344},
  address =      {San Diego},
  publisher =    {US Education Service},
}

@ARTICLE{LSS08b,
  AUTHOR =       {T.S. Lee and K.E. Schubert and R.W. Schulte},
  TITLE =        {{Software-Based Algorithm for Modeling and Correction of Gradient Nonlinearity Distortions in Magnetic Resonance Imaging}},
  JOURNAL =      {Advances in Electrical and Electronics Engineering - IAENG Special Edition of the World Congress on Engineering and Computer Science 2008, WCECS '08. },
  YEAR =         {2008},
  volume =       {I},
  pages =        {52-61},
}
@INPROCEEDINGS{LSS08a,
  AUTHOR =       {T.S. Lee and K.E. Schubert and R.W. Schulte},
  TITLE =        {{Computational Algorithm for Modeling and Correction of Gradient Nonlinearity Distortions in Magnetic Resonance Imaging}},
  BOOKTITLE =    {Proceeding of the World Conference of Engineering and Computer Science},
  YEAR =         {2008},
  pages =        {210-215},
  month =        {October},
}

@ARTICLE{Kond99,
  AUTHOR =       {D. Kondziolka},
  TITLE =        {Functional Radiosurgery},
  JOURNAL =      {Neurosurgery},
  YEAR =         {1999},
  volume =       {44},
  pages =        {12-20},
}
@ARTICLE{Dor05,
  AUTHOR =       {S.J. Doran and L. Charles-Edwards and S.A. Reinsberg and M.O. Leach},
  TITLE =        {A Complete Distortion Correction for MR Images: I. Gradient Warp Correction},
  JOURNAL =      {Phys. Med. Biol.},
  YEAR =         {2005},
  volume =       {50},
  pages =        {1343-1361},
}

@ARTICLE{Wang04a,
  AUTHOR =       {D. Wang and W. Strugnell and G. Cowin and D.M. Doddrell and R. Slaughter},
  TITLE =        {Geometric Distortion in Clinical MRI Systems Part I: Evaluation Using a 3D Phantom},
  JOURNAL =      {J. Magn. Reson. Imaging},
  YEAR =         {2004},
  volume =       {22},
  pages =        {1211-1221},
}

@ARTICLE{Wang04b,
  AUTHOR =       {D. Wang and W. Strugnell and G. Cowin and D.M. Doddrell and R. Slaughter},
  TITLE =        {Geometric Distortion in Clinical MRI Systems Part II: Correction Using a 3D Phantom},
  JOURNAL =      {J. Magn. Reson. Imaging},
  YEAR =         {2004},
  volume =       {22},
  pages =        {1223-1232},
}
@ARTICLE{Lang99,
  AUTHOR =       {S. Langlois, M. Desvignes, J.M. Constans, and M. Revenu},
  TITLE =        {MRI Geometric Distortion: A Simple Approach to Correcting the Effects of Non-linear Gradient Fields},
  JOURNAL =      {J. Magn. Reson. Imaging},
  YEAR =         {1999},
  volume =       {9},
  pages =        {821-831},
}
