@ARTICLE{Wil46,
  AUTHOR  = {Robert Wilson},
  TITLE   = {Radiological Use of Fast Protons},
  JOURNAL = {Radiology}, 
  YEAR    = {1946},
  volumn  = {47},
  pages   = {487-491},
}

@INPROCEEDINGS{LSS06a,
   AUTHOR =       {T.S. Lee and K.E. Schubert and R.W. Schulte},
   TITLE =        {{Gradient Non-Linearity Correction of MR Images for Functional Radiosurgery}},
   BOOKTITLE =    {ICIS-COMSAR '06: Proceedings of the 5th IEEE/ACIS International Conference on Computer and Information Science and 1st IEEE/ACIS International Workshop on Component-Based Software Engineering,Software Architecture and Reuse},
   YEAR =         {2006},
   pages =        {338 - 344},
   month =        {July 10-12},
   address =      {Honolulu, Hawaii, USA},
   isbn =         {0-7695-2613-6},
   doi =          {http://dx.doi.org/10.1109/ICIS-COMSAR.2006.43},
   publisher =    {IEEE Computer Society},
}

@INPROCEEDINGS{LSS06b,
   AUTHOR =       {T.S. Lee and K.E. Schubert and R.W. Schulte},
   TITLE =        {{Software Development For Correction Of Gradient-Nonlinearity Distortions In MR Images}},
   BOOKTITLE =    {Proceedings of the International Conference on Computer Science and its Applications},
   YEAR =         {2006},
   editor =       {P.P. Dey and M.N. Amin and T.M. Gatton},
   pages =        {338 - 344},
   address =      {San Diego},
   publisher =    {US Education Service},
}

@INPROCEEDINGS{LSS08a,
   AUTHOR =       {T.S. Lee and K.E. Schubert and R.W. Schulte},
   TITLE =        {{Computational Algorithm for Modeling and Correction of Gradient Nonlinearity Distortions in Magnetic Resonance Imaging}},
   BOOKTITLE =    {Proceeding of the World Conference of Engineering and Computer Science},
   YEAR =         2008,
   editor =       {Sio-Iong Ao},
   pages =        {210 - 215},
   address =      {San Francisco},
   publisher =    {Harvard School of Engineering and Applied Sciences, Harvard University, USA},
}

@INPROCEEDINGS{tlee_iaeng,
   AUTHOR    = "T.S. Lee and K.E. Schubert and R.W. Schulte",
   TITLE     = {{Software-Based Algorithm for Modeling and Correction of Gradient Nonlinearity Distortions in Magnetic Resonance Imaging}},
   BOOKTITLE = {IAENG Transactions on Electrical and Electronics Engineering},
   YEAR      = {2008},
   editor    = {Sio-Iong Ao},
   pages     = {210 - 215},
   address   = {San Francisco},
   publisher = {Harvard School of Engineering and Applied Sciences, Harvard University, USA},
}

@ARTICLE{simple_approach, 
  AUTHOR  = {S. Langlois and M. Desvignes and J.M. Constans and M. Revenu}, 
  TITLE   = "{MRI geometric distortion: a simple approach to correcting the effects of non-linear gradient fields}", 
  JOURNAL = {J. Magn. Reson. Imaging}, 
  YEAR    = {1999}, 
  volume  = {9}, 
  pages   = {821-831}, 
}

@ARTICLE{mag_susceptibility,
  AUTHOR  = {J. F. Schenck}, 
  TITLE   = "{The Role of Magnetic Susceptibility In Magnetic Resonance Imaging: MRI Magnetic Compatibility of the First And Second Kind}", 
  JOURNAL = {Medical Physics}, 
  YEAR    = {1996}, 
  volume  = {23},
  number  = {6},
  pages   = {815-850}, 
}

@INPROCEEDINGS{isocentericsc,
  AUTHOR     = {R. Cai, K. Schubert, R. Schulte},
  TITLE      = {{Computational Algorithm for Estimating the Gradient Isocenter of an MRI Scanner}},
  BOOKTITLE  = {Proceedings of the International Conference on Scientific Computing},
  YEAR       = {2012},
  isbn       = {1-60132-207-0},
  editor     = {Hamid R. Arabnia and William Spataro and Lou D'Alotto and James F. Nystrom and Ashu M. G. Solo and George A. Gravvanis},
  pages     = {34 - 38},
  address   = {Las Vegas, Nevada, USA},
  publisher = {CSREA Press},
}

@ARTICLE{Kond99,
  AUTHOR  = {D. Kondziolka}, 
  TITLE   = "{Functional radiosurgery}", 
  JOURNAL = {Neurosurgery}, 
  YEAR    = {1999}, 
  volume  = {44}, 
  pages   = {12-20}, 
}

@ARTICLE{Dor05, 
  AUTHOR  = {S.J. Doran and L. Charles-Edwards and S.A. Reinsberg and M.O. Leach MO}, 
  TITLE   = "{A complete distortion correction for MR images: I. Gradient warp correction}", 
  JOURNAL = {Phys. Med. Biol.}, 
  YEAR    = {2005}, 
  volume  = {50}, 
  pages   = {1343-1361},
}

@ARTICLE{Wang04a, 
  AUTHOR  = {D. Wang and W. Strugnell and G. Cowin and D.M. Doddrell and R. Slaughter}, 
  TITLE   = "{Geometric distortion in clinical MRI systems Part I: evaluation using a 3D phantom}", 
  JOURNAL = {Journal of Magnetic Resonance Imaging}, 
  YEAR    = {2004}, 
  volume  = {22}, 
  pages   = {1211-1221},
}

@ARTICLE{Wang04b, 
  AUTHOR  = {D. Wang and W. Strugnell and G. Cowin and D.M. Doddrell and R. Slaughter},
  TITLE   = "{Geometric distortion in clinical MRI systems Part II: correction using a 3D phantom}",
  JOURNAL = {J. Magn. Reson. Imaging},
  YEAR    = {2004},
  volume  = {22},
  pages   = {1223-1232},
}

@MASTERSTHESIS{tom_thesis,
  AUTHOR = {T.S. Lee},
  TITLE  = "{Software-Based Gradient Nonlinearity Distortion Correction}",
  SCHOOL = {California State University San Bernardino},
  YEAR   = {2006}, 
  MONTH  = {December},
}

@PHDTHESIS{sumanaweera_thesis,
  AUTHOR = {T. S. Sumanaweera},
  TITLE  = {Segmentation and distortion correction in medical imaging},
  SCHOOL = {Stanford University}, 
  YEAR   = {1992},
}
